@Misc{PlotlyMaps,
  author = {Plotly},
  note   = {Retrieved on March 13th, 2023},
  title  = {Maps in Plotly},
  year   = {2023},
  url    = {https://plotly.com/python/maps/},
}

@Misc{GeoEngine,
  author = {\relax{Geo Engine GmbH}},
  note   = {Retreived on March 13th, 2023},
  title  = {GeoEngine},
  year   = {2023},
  url    = {https://www.geoengine.de/},
}

@Comment{jabref-meta: databaseType:bibtex;}
